<?xml version="1.0" encoding="UTF-8"?><record xmlns="http://www.loc.gov/MARC21/slim" xmlns:cinclude="http://apache.org/cocoon/include/1.0" xmlns:zs="http://www.loc.gov/zing/srw/">
  <leader>00465nz  a2200133n  4500</leader>
  <controlfield tag="001">n  87145450 </controlfield>
  <controlfield tag="003">DLC</controlfield>
  <controlfield tag="005">19871123075110.7</controlfield>
  <controlfield tag="008">871123n| acannaab|          |n aaa |||  </controlfield>
  <datafield tag="010" ind1=" " ind2=" ">
    <subfield code="a">n  87145450 </subfield>
  </datafield>
  <datafield tag="040" ind1=" " ind2=" ">
    <subfield code="a">DLC</subfield>
    <subfield code="c">DLC</subfield>
  </datafield>
  <datafield tag="100" ind1="1" ind2="0">
    <subfield code="a">Trice, Robert H.</subfield>
  </datafield>
  <datafield tag="670" ind1=" " ind2=" ">
    <subfield code="a">nuc87-51214: His Domestic political interests and American ... 1974</subfield>
    <subfield code="b">(hdg. on KMK rept.: Trice, Robert Holmes, 1946- ; usage: Robert H. Trice, Jr.)</subfield>
  </datafield>
  <datafield tag="670" ind1=" " ind2=" ">
    <subfield code="a">LC data base, 11/23/87</subfield>
    <subfield code="b">(hdg.: Trice, Robert H.)</subfield>
  </datafield>
</record>